%YAML 1.1
%TAG !u! tag:unity3d.com,2011:
--- !u!1 &114092
GameObject:
  m_ObjectHideFlags: 0
  m_PrefabParentObject: {fileID: 0}
  m_PrefabInternal: {fileID: 100100000}
  serializedVersion: 4
  m_Component:
  - 4: {fileID: 465296}
  - 111: {fileID: 11197222}
  - 114: {fileID: 11444466}
  m_Layer: 0
  m_Name: Alien_animations
  m_TagString: Untagged
  m_Icon: {fileID: 0}
  m_NavMeshLayer: 0
  m_StaticEditorFlags: 0
  m_IsActive: 1
--- !u!1 &114586
GameObject:
  m_ObjectHideFlags: 1
  m_PrefabParentObject: {fileID: 0}
  m_PrefabInternal: {fileID: 100100000}
  serializedVersion: 4
  m_Component:
  - 4: {fileID: 493034}
  - 33: {fileID: 3318262}
  - 23: {fileID: 2390978}
  m_Layer: 0
  m_Name: alien_L_main
  m_TagString: Untagged
  m_Icon: {fileID: 0}
  m_NavMeshLayer: 0
  m_StaticEditorFlags: 0
  m_IsActive: 1
--- !u!1 &118602
GameObject:
  m_ObjectHideFlags: 1
  m_PrefabParentObject: {fileID: 0}
  m_PrefabInternal: {fileID: 100100000}
  serializedVersion: 4
  m_Component:
  - 4: {fileID: 462420}
  - 33: {fileID: 3392024}
  - 23: {fileID: 2335576}
  m_Layer: 0
  m_Name: alien_tete
  m_TagString: Untagged
  m_Icon: {fileID: 0}
  m_NavMeshLayer: 0
  m_StaticEditorFlags: 0
  m_IsActive: 1
--- !u!1 &135832
GameObject:
  m_ObjectHideFlags: 1
  m_PrefabParentObject: {fileID: 0}
  m_PrefabInternal: {fileID: 100100000}
  serializedVersion: 4
  m_Component:
  - 4: {fileID: 441080}
  - 33: {fileID: 3379618}
  - 23: {fileID: 2343884}
  m_Layer: 0
  m_Name: alien_casque
  m_TagString: Untagged
  m_Icon: {fileID: 0}
  m_NavMeshLayer: 0
  m_StaticEditorFlags: 0
  m_IsActive: 1
--- !u!1 &138272
GameObject:
  m_ObjectHideFlags: 1
  m_PrefabParentObject: {fileID: 0}
  m_PrefabInternal: {fileID: 100100000}
  serializedVersion: 4
  m_Component:
  - 4: {fileID: 430082}
  - 33: {fileID: 3313354}
  - 23: {fileID: 2342916}
  m_Layer: 0
  m_Name: alien_corps
  m_TagString: Untagged
  m_Icon: {fileID: 0}
  m_NavMeshLayer: 0
  m_StaticEditorFlags: 0
  m_IsActive: 1
--- !u!1 &146696
GameObject:
  m_ObjectHideFlags: 1
  m_PrefabParentObject: {fileID: 0}
  m_PrefabInternal: {fileID: 100100000}
  serializedVersion: 4
  m_Component:
  - 4: {fileID: 426558}
  - 33: {fileID: 3366976}
  - 23: {fileID: 2322968}
  m_Layer: 0
  m_Name: alien_bonnet
  m_TagString: Untagged
  m_Icon: {fileID: 0}
  m_NavMeshLayer: 0
  m_StaticEditorFlags: 0
  m_IsActive: 1
--- !u!1 &152792
GameObject:
  m_ObjectHideFlags: 0
  m_PrefabParentObject: {fileID: 0}
  m_PrefabInternal: {fileID: 100100000}
  serializedVersion: 4
  m_Component:
  - 4: {fileID: 451748}
  - 33: {fileID: 3321292}
  - 65: {fileID: 6501532}
  - 23: {fileID: 2341972}
  - 114: {fileID: 11431696}
  m_Layer: 0
  m_Name: Alien
  m_TagString: WaitingCharacter
  m_Icon: {fileID: 0}
  m_NavMeshLayer: 0
  m_StaticEditorFlags: 0
  m_IsActive: 1
--- !u!1 &169118
GameObject:
  m_ObjectHideFlags: 1
  m_PrefabParentObject: {fileID: 0}
  m_PrefabInternal: {fileID: 100100000}
  serializedVersion: 4
  m_Component:
  - 4: {fileID: 400568}
  - 33: {fileID: 3376590}
  - 23: {fileID: 2389432}
  m_Layer: 0
  m_Name: alien_R_main
  m_TagString: Untagged
  m_Icon: {fileID: 0}
  m_NavMeshLayer: 0
  m_StaticEditorFlags: 0
  m_IsActive: 1
--- !u!1 &197486
GameObject:
  m_ObjectHideFlags: 1
  m_PrefabParentObject: {fileID: 0}
  m_PrefabInternal: {fileID: 100100000}
  serializedVersion: 4
  m_Component:
  - 4: {fileID: 420348}
  - 33: {fileID: 3397352}
  - 23: {fileID: 2380470}
  m_Layer: 0
  m_Name: alien_gun
  m_TagString: Untagged
  m_Icon: {fileID: 0}
  m_NavMeshLayer: 0
  m_StaticEditorFlags: 0
  m_IsActive: 1
--- !u!4 &400568
Transform:
  m_ObjectHideFlags: 1
  m_PrefabParentObject: {fileID: 0}
  m_PrefabInternal: {fileID: 100100000}
  m_GameObject: {fileID: 169118}
  m_LocalRotation: {x: 0, y: 0, z: .94671613, w: .322069347}
  m_LocalPosition: {x: .126813605, y: .233741805, z: .014204558}
  m_LocalScale: {x: 1, y: 1, z: 1}
  m_Children:
  - {fileID: 420348}
  m_Father: {fileID: 430082}
  m_RootOrder: 2
--- !u!4 &420348
Transform:
  m_ObjectHideFlags: 1
  m_PrefabParentObject: {fileID: 0}
  m_PrefabInternal: {fileID: 100100000}
  m_GameObject: {fileID: 197486}
  m_LocalRotation: {x: 0, y: 0, z: 0, w: 1}
  m_LocalPosition: {x: .0140122073, y: -.0689621121, z: .00139999995}
  m_LocalScale: {x: 1, y: 1, z: 1}
  m_Children: []
  m_Father: {fileID: 400568}
  m_RootOrder: 0
--- !u!4 &426558
Transform:
  m_ObjectHideFlags: 1
  m_PrefabParentObject: {fileID: 0}
  m_PrefabInternal: {fileID: 100100000}
  m_GameObject: {fileID: 146696}
  m_LocalRotation: {x: 0, y: 0, z: .055567231, w: .998454988}
  m_LocalPosition: {x: -.124945983, y: .290888608, z: .0083999997}
  m_LocalScale: {x: 1, y: 1, z: 1}
  m_Children: []
  m_Father: {fileID: 441080}
  m_RootOrder: 0
--- !u!4 &430082
Transform:
  m_ObjectHideFlags: 1
  m_PrefabParentObject: {fileID: 0}
  m_PrefabInternal: {fileID: 100100000}
  m_GameObject: {fileID: 138272}
  m_LocalRotation: {x: 0, y: 0, z: 0, w: 1}
  m_LocalPosition: {x: -0, y: -.0022636631, z: 0}
  m_LocalScale: {x: 1, y: 1, z: 1}
  m_Children:
  - {fileID: 441080}
  - {fileID: 493034}
  - {fileID: 400568}
  m_Father: {fileID: 465296}
  m_RootOrder: 0
--- !u!4 &441080
Transform:
  m_ObjectHideFlags: 1
  m_PrefabParentObject: {fileID: 0}
  m_PrefabInternal: {fileID: 100100000}
  m_GameObject: {fileID: 135832}
  m_LocalRotation: {x: 0, y: 0, z: .117242426, w: .993103325}
  m_LocalPosition: {x: -.0181417055, y: .254700124, z: .0027999999}
  m_LocalScale: {x: 1, y: 1, z: 1}
  m_Children:
  - {fileID: 426558}
  - {fileID: 462420}
  m_Father: {fileID: 430082}
  m_RootOrder: 0
--- !u!4 &451748
Transform:
  m_ObjectHideFlags: 1
  m_PrefabParentObject: {fileID: 0}
  m_PrefabInternal: {fileID: 100100000}
  m_GameObject: {fileID: 152792}
  m_LocalRotation: {x: 0, y: 0, z: 0, w: 1}
  m_LocalPosition: {x: 4.72389936, y: -1.42615283, z: -18.413456}
  m_LocalScale: {x: .25, y: .25, z: .25}
  m_Children:
  - {fileID: 465296}
  m_Father: {fileID: 0}
  m_RootOrder: 0
--- !u!4 &462420
Transform:
  m_ObjectHideFlags: 1
  m_PrefabParentObject: {fileID: 0}
  m_PrefabInternal: {fileID: 100100000}
  m_GameObject: {fileID: 118602}
  m_LocalRotation: {x: .00118890696, y: -.00133668189, z: .034045577, w: .999418676}
  m_LocalPosition: {x: .00420869468, y: .0799788684, z: .00419999985}
  m_LocalScale: {x: 1, y: 1, z: 1}
  m_Children: []
  m_Father: {fileID: 441080}
  m_RootOrder: 1
--- !u!4 &465296
Transform:
  m_ObjectHideFlags: 1
  m_PrefabParentObject: {fileID: 0}
  m_PrefabInternal: {fileID: 100100000}
  m_GameObject: {fileID: 114092}
  m_LocalRotation: {x: 0, y: 0, z: 0, w: 1}
  m_LocalPosition: {x: 0, y: .5, z: 0}
  m_LocalScale: {x: 4.80000019, y: 4.80000019, z: 4.80000019}
  m_Children:
  - {fileID: 430082}
  m_Father: {fileID: 451748}
  m_RootOrder: 0
--- !u!4 &493034
Transform:
  m_ObjectHideFlags: 1
  m_PrefabParentObject: {fileID: 0}
  m_PrefabInternal: {fileID: 100100000}
  m_GameObject: {fileID: 114586}
  m_LocalRotation: {x: 0, y: -0, z: -.106511146, w: .994311512}
  m_LocalPosition: {x: -.124621943, y: .159760401, z: .0126000009}
  m_LocalScale: {x: 1, y: 1, z: 1}
  m_Children: []
  m_Father: {fileID: 430082}
  m_RootOrder: 1
--- !u!23 &2322968
MeshRenderer:
  m_ObjectHideFlags: 1
  m_PrefabParentObject: {fileID: 0}
  m_PrefabInternal: {fileID: 100100000}
  m_GameObject: {fileID: 146696}
  m_Enabled: 1
  m_CastShadows: 1
  m_ReceiveShadows: 1
  m_Materials:
  - {fileID: 2100000, guid: de41ebb4c89403a458a45fd121f4a0d6, type: 2}
  m_SubsetIndices: 
  m_StaticBatchRoot: {fileID: 0}
  m_UseLightProbes: 1
  m_ReflectionProbeUsage: 1
  m_ProbeAnchor: {fileID: 0}
  m_ScaleInLightmap: 1
  m_PreserveUVs: 0
  m_ImportantGI: 0
  m_AutoUVMaxDistance: .5
  m_AutoUVMaxAngle: 89
  m_LightmapParameters: {fileID: 0}
  m_SortingLayerID: 0
  m_SortingOrder: 0
--- !u!23 &2335576
MeshRenderer:
  m_ObjectHideFlags: 1
  m_PrefabParentObject: {fileID: 0}
  m_PrefabInternal: {fileID: 100100000}
  m_GameObject: {fileID: 118602}
  m_Enabled: 1
  m_CastShadows: 1
  m_ReceiveShadows: 1
  m_Materials:
  - {fileID: 2100000, guid: af82bcd090e368e478caee62bff4554e, type: 2}
  m_SubsetIndices: 
  m_StaticBatchRoot: {fileID: 0}
  m_UseLightProbes: 1
  m_ReflectionProbeUsage: 1
  m_ProbeAnchor: {fileID: 0}
  m_ScaleInLightmap: 1
  m_PreserveUVs: 0
  m_ImportantGI: 0
  m_AutoUVMaxDistance: .5
  m_AutoUVMaxAngle: 89
  m_LightmapParameters: {fileID: 0}
  m_SortingLayerID: 0
  m_SortingOrder: 0
--- !u!23 &2341972
MeshRenderer:
  m_ObjectHideFlags: 1
  m_PrefabParentObject: {fileID: 0}
  m_PrefabInternal: {fileID: 100100000}
  m_GameObject: {fileID: 152792}
  m_Enabled: 0
  m_CastShadows: 1
  m_ReceiveShadows: 1
  m_Materials:
  - {fileID: 2100000, guid: 46b870c3ecddbf7499a02aa8cec5374b, type: 2}
  m_SubsetIndices: 
  m_StaticBatchRoot: {fileID: 0}
  m_UseLightProbes: 1
  m_ReflectionProbeUsage: 1
  m_ProbeAnchor: {fileID: 0}
  m_ScaleInLightmap: 1
  m_PreserveUVs: 1
  m_ImportantGI: 0
  m_AutoUVMaxDistance: .5
  m_AutoUVMaxAngle: 89
  m_LightmapParameters: {fileID: 0}
  m_SortingLayerID: 0
  m_SortingOrder: 0
--- !u!23 &2342916
MeshRenderer:
  m_ObjectHideFlags: 1
  m_PrefabParentObject: {fileID: 0}
  m_PrefabInternal: {fileID: 100100000}
  m_GameObject: {fileID: 138272}
  m_Enabled: 1
  m_CastShadows: 1
  m_ReceiveShadows: 1
  m_Materials:
  - {fileID: 2100000, guid: b5a9c996322079845971a2414883a18c, type: 2}
  m_SubsetIndices: 
  m_StaticBatchRoot: {fileID: 0}
  m_UseLightProbes: 1
  m_ReflectionProbeUsage: 1
  m_ProbeAnchor: {fileID: 0}
  m_ScaleInLightmap: 1
  m_PreserveUVs: 0
  m_ImportantGI: 0
  m_AutoUVMaxDistance: .5
  m_AutoUVMaxAngle: 89
  m_LightmapParameters: {fileID: 0}
  m_SortingLayerID: 0
  m_SortingOrder: 0
--- !u!23 &2343884
MeshRenderer:
  m_ObjectHideFlags: 1
  m_PrefabParentObject: {fileID: 0}
  m_PrefabInternal: {fileID: 100100000}
  m_GameObject: {fileID: 135832}
  m_Enabled: 1
  m_CastShadows: 1
  m_ReceiveShadows: 1
  m_Materials:
  - {fileID: 2100000, guid: 0842c3a5d12366e45b429f36ec9c7122, type: 2}
  m_SubsetIndices: 
  m_StaticBatchRoot: {fileID: 0}
  m_UseLightProbes: 1
  m_ReflectionProbeUsage: 1
  m_ProbeAnchor: {fileID: 0}
  m_ScaleInLightmap: 1
  m_PreserveUVs: 0
  m_ImportantGI: 0
  m_AutoUVMaxDistance: .5
  m_AutoUVMaxAngle: 89
  m_LightmapParameters: {fileID: 0}
  m_SortingLayerID: 0
  m_SortingOrder: 0
--- !u!23 &2380470
MeshRenderer:
  m_ObjectHideFlags: 1
  m_PrefabParentObject: {fileID: 0}
  m_PrefabInternal: {fileID: 100100000}
  m_GameObject: {fileID: 197486}
  m_Enabled: 1
  m_CastShadows: 1
  m_ReceiveShadows: 1
  m_Materials:
  - {fileID: 2100000, guid: 5bf6f12ffb116d14bb0a46580f022839, type: 2}
  m_SubsetIndices: 
  m_StaticBatchRoot: {fileID: 0}
  m_UseLightProbes: 1
  m_ReflectionProbeUsage: 1
  m_ProbeAnchor: {fileID: 0}
  m_ScaleInLightmap: 1
  m_PreserveUVs: 0
  m_ImportantGI: 0
  m_AutoUVMaxDistance: .5
  m_AutoUVMaxAngle: 89
  m_LightmapParameters: {fileID: 0}
  m_SortingLayerID: 0
  m_SortingOrder: 0
--- !u!23 &2389432
MeshRenderer:
  m_ObjectHideFlags: 1
  m_PrefabParentObject: {fileID: 0}
  m_PrefabInternal: {fileID: 100100000}
  m_GameObject: {fileID: 169118}
  m_Enabled: 1
  m_CastShadows: 1
  m_ReceiveShadows: 1
  m_Materials:
  - {fileID: 2100000, guid: 4b58ae03f1d51384b848245bbe2d8cdc, type: 2}
  m_SubsetIndices: 
  m_StaticBatchRoot: {fileID: 0}
  m_UseLightProbes: 1
  m_ReflectionProbeUsage: 1
  m_ProbeAnchor: {fileID: 0}
  m_ScaleInLightmap: 1
  m_PreserveUVs: 0
  m_ImportantGI: 0
  m_AutoUVMaxDistance: .5
  m_AutoUVMaxAngle: 89
  m_LightmapParameters: {fileID: 0}
  m_SortingLayerID: 0
  m_SortingOrder: 0
--- !u!23 &2390978
MeshRenderer:
  m_ObjectHideFlags: 1
  m_PrefabParentObject: {fileID: 0}
  m_PrefabInternal: {fileID: 100100000}
  m_GameObject: {fileID: 114586}
  m_Enabled: 1
  m_CastShadows: 1
  m_ReceiveShadows: 1
  m_Materials:
  - {fileID: 2100000, guid: 4b58ae03f1d51384b848245bbe2d8cdc, type: 2}
  m_SubsetIndices: 
  m_StaticBatchRoot: {fileID: 0}
  m_UseLightProbes: 1
  m_ReflectionProbeUsage: 1
  m_ProbeAnchor: {fileID: 0}
  m_ScaleInLightmap: 1
  m_PreserveUVs: 0
  m_ImportantGI: 0
  m_AutoUVMaxDistance: .5
  m_AutoUVMaxAngle: 89
  m_LightmapParameters: {fileID: 0}
  m_SortingLayerID: 0
  m_SortingOrder: 0
--- !u!33 &3313354
MeshFilter:
  m_ObjectHideFlags: 1
  m_PrefabParentObject: {fileID: 0}
  m_PrefabInternal: {fileID: 100100000}
  m_GameObject: {fileID: 138272}
  m_Mesh: {fileID: 4300000, guid: b22b916f9f4d6094d806677cb95c2de0, type: 3}
--- !u!33 &3318262
MeshFilter:
  m_ObjectHideFlags: 1
  m_PrefabParentObject: {fileID: 0}
  m_PrefabInternal: {fileID: 100100000}
  m_GameObject: {fileID: 114586}
  m_Mesh: {fileID: 4300006, guid: b22b916f9f4d6094d806677cb95c2de0, type: 3}
--- !u!33 &3321292
MeshFilter:
  m_ObjectHideFlags: 1
  m_PrefabParentObject: {fileID: 0}
  m_PrefabInternal: {fileID: 100100000}
  m_GameObject: {fileID: 152792}
  m_Mesh: {fileID: 10202, guid: 0000000000000000e000000000000000, type: 0}
--- !u!33 &3366976
MeshFilter:
  m_ObjectHideFlags: 1
  m_PrefabParentObject: {fileID: 0}
  m_PrefabInternal: {fileID: 100100000}
  m_GameObject: {fileID: 146696}
  m_Mesh: {fileID: 4300010, guid: b22b916f9f4d6094d806677cb95c2de0, type: 3}
--- !u!33 &3376590
MeshFilter:
  m_ObjectHideFlags: 1
  m_PrefabParentObject: {fileID: 0}
  m_PrefabInternal: {fileID: 100100000}
  m_GameObject: {fileID: 169118}
  m_Mesh: {fileID: 4300002, guid: b22b916f9f4d6094d806677cb95c2de0, type: 3}
--- !u!33 &3379618
MeshFilter:
  m_ObjectHideFlags: 1
  m_PrefabParentObject: {fileID: 0}
  m_PrefabInternal: {fileID: 100100000}
  m_GameObject: {fileID: 135832}
  m_Mesh: {fileID: 4300008, guid: b22b916f9f4d6094d806677cb95c2de0, type: 3}
--- !u!33 &3392024
MeshFilter:
  m_ObjectHideFlags: 1
  m_PrefabParentObject: {fileID: 0}
  m_PrefabInternal: {fileID: 100100000}
  m_GameObject: {fileID: 118602}
  m_Mesh: {fileID: 4300012, guid: b22b916f9f4d6094d806677cb95c2de0, type: 3}
--- !u!33 &3397352
MeshFilter:
  m_ObjectHideFlags: 1
  m_PrefabParentObject: {fileID: 0}
  m_PrefabInternal: {fileID: 100100000}
  m_GameObject: {fileID: 197486}
  m_Mesh: {fileID: 4300004, guid: b22b916f9f4d6094d806677cb95c2de0, type: 3}
--- !u!65 &6501532
BoxCollider:
  m_ObjectHideFlags: 1
  m_PrefabParentObject: {fileID: 0}
  m_PrefabInternal: {fileID: 100100000}
  m_GameObject: {fileID: 152792}
  m_Material: {fileID: 0}
  m_IsTrigger: 1
  m_Enabled: 1
  serializedVersion: 2
  m_Size: {x: 3.75999999, y: 8.52000046, z: 1}
  m_Center: {x: 0, y: 3.66000009, z: 0}
--- !u!111 &11197222
Animation:
  m_ObjectHideFlags: 1
  m_PrefabParentObject: {fileID: 0}
  m_PrefabInternal: {fileID: 100100000}
  m_GameObject: {fileID: 114092}
  m_Enabled: 1
  serializedVersion: 3
  m_Animation: {fileID: 7400000, guid: b22b916f9f4d6094d806677cb95c2de0, type: 3}
  m_Animations:
  - {fileID: 7400000, guid: b22b916f9f4d6094d806677cb95c2de0, type: 3}
  - {fileID: 7400002, guid: b22b916f9f4d6094d806677cb95c2de0, type: 3}
  - {fileID: 7400004, guid: b22b916f9f4d6094d806677cb95c2de0, type: 3}
  - {fileID: 7400006, guid: b22b916f9f4d6094d806677cb95c2de0, type: 3}
  - {fileID: 7400008, guid: b22b916f9f4d6094d806677cb95c2de0, type: 3}
  - {fileID: 7400010, guid: b22b916f9f4d6094d806677cb95c2de0, type: 3}
  - {fileID: 7400012, guid: b22b916f9f4d6094d806677cb95c2de0, type: 3}
  m_WrapMode: 0
  m_PlayAutomatically: 1
  m_AnimatePhysics: 0
  m_CullingType: 0
--- !u!114 &11431696
MonoBehaviour:
  m_ObjectHideFlags: 1
  m_PrefabParentObject: {fileID: 0}
  m_PrefabInternal: {fileID: 100100000}
  m_GameObject: {fileID: 152792}
  m_Enabled: 1
  m_EditorHideFlags: 0
  m_Script: {fileID: 11500000, guid: 1c90e062f97c0f345acb1ea38ee0fa69, type: 3}
  m_Name: 
  m_EditorClassIdentifier: 
  moveSpeed: 3
  ejectSpeed: 5
  jingle: {fileID: 8300000, guid: 75f0847af4d5d0d4bacd42d587826797, type: 3}
  random:
  - {fileID: 8300000, guid: 2ca0e7e92c6678f499f2705fb41d5962, type: 3}
  attackLight: {fileID: 8300000, guid: b71031423d183914ea4ea8e5c9b033b5, type: 3}
  attackMedium: {fileID: 8300000, guid: 2c1ce7d899ed89546996786c5a9a14de, type: 3}
  attackHard: {fileID: 8300000, guid: 689370f552f94724b9f7dba3f8f12269, type: 3}
  responseGifle: {fileID: 8300000, guid: 34043bdb5e7612245bd44244b2c84172, type: 3}
  responseEjecter: {fileID: 8300000, guid: ca37b625a0a02934787628d1440c19ec, type: 3}
  randomSlap:
  - {fileID: 8300000, guid: 1a348fcbe6553fd45b3c3a629f5ec302, type: 3}
  - {fileID: 8300000, guid: 3150f4e3d86b7b24e924155a1701150b, type: 3}
  - {fileID: 8300000, guid: f6e79ac18044ee147818b30382770a70, type: 3}
  gueuler: {fileID: 8300000, guid: 9f299819364372045a4a13badeb6c75e, type: 3}
  raisoner: {fileID: 8300000, guid: 336343593d8d70f4b8c1f359a20fb1d5, type: 3}
  _animation: {fileID: 11197222}
  idleOutside: Alien_IdleStand
  idleInside: Alien_IdleVoiture
  attack1: Alien_Attaque01
  attack2: Alien_Attaque02
  claque: Alien_Baffe
  engueuler: Alien_Engueuler
  raisonner: Alien_raisonner
  fx: {fileID: 187220, guid: e8bc189d6f8b8e748abccbc0286c9f38, type: 2}
--- !u!114 &11444466
MonoBehaviour:
  m_ObjectHideFlags: 1
  m_PrefabParentObject: {fileID: 0}
  m_PrefabInternal: {fileID: 100100000}
  m_GameObject: {fileID: 114092}
  m_Enabled: 1
  m_EditorHideFlags: 0
  m_Script: {fileID: 11500000, guid: 079817320faaa7f4c826803a08dbf6dd, type: 3}
  m_Name: 
  m_EditorClassIdentifier: 
--- !u!1001 &100100000
Prefab:
  m_ObjectHideFlags: 1
  serializedVersion: 2
  m_Modification:
    m_TransformParent: {fileID: 0}
    m_Modifications: []
    m_RemovedComponents: []
  m_ParentPrefab: {fileID: 0}
  m_RootGameObject: {fileID: 152792}
  m_IsPrefabParent: 1
