%YAML 1.1
%TAG !u! tag:unity3d.com,2011:
--- !u!29 &1
SceneSettings:
  m_ObjectHideFlags: 0
  m_PVSData: 
  m_PVSObjectsArray: []
  m_PVSPortalsArray: []
  m_OcclusionBakeSettings:
    smallestOccluder: 5
    smallestHole: .25
    backfaceThreshold: 100
--- !u!104 &2
RenderSettings:
  m_ObjectHideFlags: 0
  serializedVersion: 6
  m_Fog: 1
  m_FogColor: {r: .0477531068, g: .0442798473, b: .0661764741, a: 1}
  m_FogMode: 2
  m_FogDensity: .0299999993
  m_LinearFogStart: 0
  m_LinearFogEnd: 300
  m_AmbientSkyColor: {r: 0, g: 0, b: 0, a: 1}
  m_AmbientEquatorColor: {r: .114, g: .125, b: .133000001, a: 1}
  m_AmbientGroundColor: {r: .0469999984, g: .0430000015, b: .0350000001, a: 1}
  m_AmbientIntensity: 1
  m_AmbientMode: 0
  m_SkyboxMaterial: {fileID: 0}
  m_HaloStrength: .5
  m_FlareStrength: 1
  m_FlareFadeSpeed: 3
  m_HaloTexture: {fileID: 0}
  m_SpotCookie: {fileID: 10001, guid: 0000000000000000e000000000000000, type: 0}
  m_DefaultReflectionMode: 0
  m_DefaultReflectionResolution: 128
  m_ReflectionBounces: 1
  m_ReflectionIntensity: 1
  m_CustomReflection: {fileID: 0}
  m_Sun: {fileID: 0}
--- !u!127 &3
LevelGameManager:
  m_ObjectHideFlags: 0
--- !u!157 &4
LightmapSettings:
  m_ObjectHideFlags: 0
  serializedVersion: 5
  m_GIWorkflowMode: 0
  m_LightmapsMode: 1
  m_GISettings:
    serializedVersion: 2
    m_BounceScale: 1
    m_IndirectOutputScale: 1
    m_AlbedoBoost: 1
    m_TemporalCoherenceThreshold: 1
    m_EnvironmentLightingMode: 0
    m_EnableBakedLightmaps: 1
    m_EnableRealtimeLightmaps: 1
  m_LightmapEditorSettings:
    serializedVersion: 3
    m_Resolution: 2
    m_BakeResolution: 40
    m_TextureWidth: 1024
    m_TextureHeight: 1024
    m_AOMaxDistance: 1
    m_Padding: 2
    m_CompAOExponent: .463999987
    m_LightmapParameters: {fileID: 0}
    m_TextureCompression: 1
    m_FinalGather: 0
    m_FinalGatherRayCount: 1024
  m_LightmapSnapshot: {fileID: 0}
  m_RuntimeCPUUsage: 25
--- !u!196 &5
NavMeshSettings:
  serializedVersion: 2
  m_ObjectHideFlags: 0
  m_BuildSettings:
    serializedVersion: 2
    agentRadius: .5
    agentHeight: 2
    agentSlope: 45
    agentClimb: .400000006
    ledgeDropHeight: 0
    maxJumpAcrossDistance: 0
    accuratePlacement: 0
    minRegionArea: 2
    cellSize: .166666672
    manualCellSize: 0
  m_NavMeshData: {fileID: 0}
--- !u!1 &21653703
GameObject:
  m_PrefabParentObject: {fileID: 153840, guid: 4f6bdea786647504390c999dedeb6a2e, type: 2}
  m_PrefabInternal: {fileID: 727165633}
--- !u!1 &26215332
GameObject:
  m_PrefabParentObject: {fileID: 189118, guid: 0e7ee4df08df88c4880f43398f9ad2c2, type: 2}
  m_PrefabInternal: {fileID: 394101094}
--- !u!1 &31146470
GameObject:
  m_PrefabParentObject: {fileID: 195632, guid: 0e7ee4df08df88c4880f43398f9ad2c2, type: 2}
  m_PrefabInternal: {fileID: 394101094}
--- !u!1 &41656862
GameObject:
  m_PrefabParentObject: {fileID: 162456, guid: 4f6bdea786647504390c999dedeb6a2e, type: 2}
  m_PrefabInternal: {fileID: 727165633}
--- !u!4 &75112378
Transform:
  m_PrefabParentObject: {fileID: 440830, guid: 0e7ee4df08df88c4880f43398f9ad2c2, type: 2}
  m_PrefabInternal: {fileID: 394101094}
--- !u!1001 &185062214
Prefab:
  m_ObjectHideFlags: 0
  serializedVersion: 2
  m_Modification:
    m_TransformParent: {fileID: 0}
    m_Modifications:
    - target: {fileID: 469318, guid: 31d7fe754fa9339409137a26b4ce80c5, type: 2}
      propertyPath: m_LocalPosition.x
      value: .012942791
      objectReference: {fileID: 0}
    - target: {fileID: 469318, guid: 31d7fe754fa9339409137a26b4ce80c5, type: 2}
      propertyPath: m_LocalPosition.y
      value: .532450914
      objectReference: {fileID: 0}
    - target: {fileID: 469318, guid: 31d7fe754fa9339409137a26b4ce80c5, type: 2}
      propertyPath: m_LocalPosition.z
      value: -52.2499771
      objectReference: {fileID: 0}
    - target: {fileID: 469318, guid: 31d7fe754fa9339409137a26b4ce80c5, type: 2}
      propertyPath: m_LocalRotation.x
      value: 0
      objectReference: {fileID: 0}
    - target: {fileID: 469318, guid: 31d7fe754fa9339409137a26b4ce80c5, type: 2}
      propertyPath: m_LocalRotation.y
      value: 0
      objectReference: {fileID: 0}
    - target: {fileID: 469318, guid: 31d7fe754fa9339409137a26b4ce80c5, type: 2}
      propertyPath: m_LocalRotation.z
      value: 0
      objectReference: {fileID: 0}
    - target: {fileID: 469318, guid: 31d7fe754fa9339409137a26b4ce80c5, type: 2}
      propertyPath: m_LocalRotation.w
      value: 1
      objectReference: {fileID: 0}
    - target: {fileID: 469318, guid: 31d7fe754fa9339409137a26b4ce80c5, type: 2}
      propertyPath: m_RootOrder
      value: 7
      objectReference: {fileID: 0}
    - target: {fileID: 11488006, guid: 31d7fe754fa9339409137a26b4ce80c5, type: 2}
      propertyPath: StopNewPassenger.Array.data[0]
      value: 
      objectReference: {fileID: 440606134}
    - target: {fileID: 11488006, guid: 31d7fe754fa9339409137a26b4ce80c5, type: 2}
      propertyPath: AcceptPassenger.Array.data[0]
      value: 
      objectReference: {fileID: 21653703}
    - target: {fileID: 11488006, guid: 31d7fe754fa9339409137a26b4ce80c5, type: 2}
      propertyPath: ChosePassenger.Array.data[0]
      value: 
      objectReference: {fileID: 41656862}
    - target: {fileID: 11488006, guid: 31d7fe754fa9339409137a26b4ce80c5, type: 2}
      propertyPath: ActionPassenger.Array.data[0]
      value: 
      objectReference: {fileID: 976165176}
    - target: {fileID: 11488006, guid: 31d7fe754fa9339409137a26b4ce80c5, type: 2}
      propertyPath: dollars
      value: 
      objectReference: {fileID: 1660459930}
    - target: {fileID: 11488006, guid: 31d7fe754fa9339409137a26b4ce80c5, type: 2}
      propertyPath: time
      value: 
      objectReference: {fileID: 31146470}
    - target: {fileID: 11488006, guid: 31d7fe754fa9339409137a26b4ce80c5, type: 2}
      propertyPath: leftP
      value: 
      objectReference: {fileID: 193706848}
    - target: {fileID: 11488006, guid: 31d7fe754fa9339409137a26b4ce80c5, type: 2}
      propertyPath: middleP
      value: 
      objectReference: {fileID: 26215332}
    - target: {fileID: 11488006, guid: 31d7fe754fa9339409137a26b4ce80c5, type: 2}
      propertyPath: rightP
      value: 
      objectReference: {fileID: 2108171745}
    - target: {fileID: 11488006, guid: 31d7fe754fa9339409137a26b4ce80c5, type: 2}
      propertyPath: checkpointTex
      value: 
      objectReference: {fileID: 1154761234}
    - target: {fileID: 11488006, guid: 31d7fe754fa9339409137a26b4ce80c5, type: 2}
      propertyPath: timesupTex
      value: 
      objectReference: {fileID: 671346544}
    m_RemovedComponents: []
  m_ParentPrefab: {fileID: 100100000, guid: 31d7fe754fa9339409137a26b4ce80c5, type: 2}
  m_IsPrefabParent: 0
--- !u!1 &193706848
GameObject:
  m_PrefabParentObject: {fileID: 119094, guid: 0e7ee4df08df88c4880f43398f9ad2c2, type: 2}
  m_PrefabInternal: {fileID: 394101094}
--- !u!1 &374348300
GameObject:
  m_ObjectHideFlags: 0
  m_PrefabParentObject: {fileID: 0}
  m_PrefabInternal: {fileID: 0}
  serializedVersion: 4
  m_Component:
  - 4: {fileID: 374348302}
  - 108: {fileID: 374348301}
  m_Layer: 0
  m_Name: Directional Light 1
  m_TagString: Untagged
  m_Icon: {fileID: 0}
  m_NavMeshLayer: 0
  m_StaticEditorFlags: 0
  m_IsActive: 1
--- !u!108 &374348301
Light:
  m_ObjectHideFlags: 0
  m_PrefabParentObject: {fileID: 0}
  m_PrefabInternal: {fileID: 0}
  m_GameObject: {fileID: 374348300}
  m_Enabled: 1
  serializedVersion: 6
  m_Type: 1
  m_Color: {r: .433823526, g: .508012116, b: 1, a: 1}
  m_Intensity: 1.61000001
  m_Range: 10
  m_SpotAngle: 30
  m_CookieSize: 10
  m_Shadows:
    m_Type: 2
    m_Resolution: -1
    m_Strength: 1
    m_Bias: .0500000007
    m_NormalBias: .400000006
  m_Cookie: {fileID: 0}
  m_DrawHalo: 0
  m_Flare: {fileID: 0}
  m_RenderMode: 0
  m_CullingMask:
    serializedVersion: 2
    m_Bits: 1024
  m_Lightmapping: 4
  m_BounceIntensity: 0
  m_ShadowRadius: 0
  m_ShadowAngle: 0
  m_AreaSize: {x: 1, y: 1}
--- !u!4 &374348302
Transform:
  m_ObjectHideFlags: 0
  m_PrefabParentObject: {fileID: 0}
  m_PrefabInternal: {fileID: 0}
  m_GameObject: {fileID: 374348300}
  m_LocalRotation: {x: .179644898, y: .123974159, z: .0272864271, w: .975506842}
  m_LocalPosition: {x: 0, y: 3, z: 0}
  m_LocalScale: {x: 1, y: 1, z: 1}
  m_Children: []
  m_Father: {fileID: 0}
  m_RootOrder: 0
--- !u!1001 &394101094
Prefab:
  m_ObjectHideFlags: 0
  serializedVersion: 2
  m_Modification:
    m_TransformParent: {fileID: 0}
    m_Modifications:
    - target: {fileID: 400050, guid: 0e7ee4df08df88c4880f43398f9ad2c2, type: 2}
      propertyPath: m_LocalPosition.x
      value: .439999998
      objectReference: {fileID: 0}
    - target: {fileID: 400050, guid: 0e7ee4df08df88c4880f43398f9ad2c2, type: 2}
      propertyPath: m_LocalPosition.y
      value: .0599999987
      objectReference: {fileID: 0}
    - target: {fileID: 400050, guid: 0e7ee4df08df88c4880f43398f9ad2c2, type: 2}
      propertyPath: m_LocalPosition.z
      value: -11.2700005
      objectReference: {fileID: 0}
    - target: {fileID: 400050, guid: 0e7ee4df08df88c4880f43398f9ad2c2, type: 2}
      propertyPath: m_LocalRotation.x
      value: 0
      objectReference: {fileID: 0}
    - target: {fileID: 400050, guid: 0e7ee4df08df88c4880f43398f9ad2c2, type: 2}
      propertyPath: m_LocalRotation.y
      value: 1
      objectReference: {fileID: 0}
    - target: {fileID: 400050, guid: 0e7ee4df08df88c4880f43398f9ad2c2, type: 2}
      propertyPath: m_LocalRotation.z
      value: 0
      objectReference: {fileID: 0}
    - target: {fileID: 400050, guid: 0e7ee4df08df88c4880f43398f9ad2c2, type: 2}
      propertyPath: m_LocalRotation.w
      value: -1.62920685e-07
      objectReference: {fileID: 0}
    - target: {fileID: 400050, guid: 0e7ee4df08df88c4880f43398f9ad2c2, type: 2}
      propertyPath: m_RootOrder
      value: 3
      objectReference: {fileID: 0}
    - target: {fileID: 11476478, guid: 0e7ee4df08df88c4880f43398f9ad2c2, type: 2}
      propertyPath: distanceBetweenRoads
      value: 112
      objectReference: {fileID: 0}
    - target: {fileID: 417992, guid: 0e7ee4df08df88c4880f43398f9ad2c2, type: 2}
      propertyPath: m_LocalRotation.x
      value: .0234699827
      objectReference: {fileID: 0}
    - target: {fileID: 417992, guid: 0e7ee4df08df88c4880f43398f9ad2c2, type: 2}
      propertyPath: m_LocalRotation.y
      value: .880903125
      objectReference: {fileID: 0}
    - target: {fileID: 417992, guid: 0e7ee4df08df88c4880f43398f9ad2c2, type: 2}
      propertyPath: m_LocalRotation.z
      value: -.462415755
      objectReference: {fileID: 0}
    - target: {fileID: 417992, guid: 0e7ee4df08df88c4880f43398f9ad2c2, type: 2}
      propertyPath: m_LocalRotation.w
      value: .0981357992
      objectReference: {fileID: 0}
    - target: {fileID: 417992, guid: 0e7ee4df08df88c4880f43398f9ad2c2, type: 2}
      propertyPath: m_LocalPosition.x
      value: .63700074
      objectReference: {fileID: 0}
    - target: {fileID: 417992, guid: 0e7ee4df08df88c4880f43398f9ad2c2, type: 2}
      propertyPath: m_LocalPosition.y
      value: 1.38199997
      objectReference: {fileID: 0}
    - target: {fileID: 417992, guid: 0e7ee4df08df88c4880f43398f9ad2c2, type: 2}
      propertyPath: m_LocalPosition.z
      value: 1.7690022
      objectReference: {fileID: 0}
    - target: {fileID: 2020174, guid: 0e7ee4df08df88c4880f43398f9ad2c2, type: 2}
      propertyPath: field of view
      value: 108
      objectReference: {fileID: 0}
    - target: {fileID: 417286, guid: 0e7ee4df08df88c4880f43398f9ad2c2, type: 2}
      propertyPath: m_LocalPosition.x
      value: .629999995
      objectReference: {fileID: 0}
    - target: {fileID: 417286, guid: 0e7ee4df08df88c4880f43398f9ad2c2, type: 2}
      propertyPath: m_LocalPosition.y
      value: .245000005
      objectReference: {fileID: 0}
    - target: {fileID: 417286, guid: 0e7ee4df08df88c4880f43398f9ad2c2, type: 2}
      propertyPath: m_LocalPosition.z
      value: -1.41999996
      objectReference: {fileID: 0}
    m_RemovedComponents: []
  m_ParentPrefab: {fileID: 100100000, guid: 0e7ee4df08df88c4880f43398f9ad2c2, type: 2}
  m_IsPrefabParent: 0
--- !u!1 &440606134
GameObject:
  m_PrefabParentObject: {fileID: 188464, guid: 4f6bdea786647504390c999dedeb6a2e, type: 2}
  m_PrefabInternal: {fileID: 727165633}
--- !u!1001 &487617415
Prefab:
  m_ObjectHideFlags: 0
  serializedVersion: 2
  m_Modification:
    m_TransformParent: {fileID: 0}
    m_Modifications:
    - target: {fileID: 477796, guid: 5e3cbbe5b049d7846b8558b29c4a376b, type: 2}
      propertyPath: m_LocalPosition.x
      value: 4.76856804
      objectReference: {fileID: 0}
    - target: {fileID: 477796, guid: 5e3cbbe5b049d7846b8558b29c4a376b, type: 2}
      propertyPath: m_LocalPosition.y
      value: 5.45358515
      objectReference: {fileID: 0}
    - target: {fileID: 477796, guid: 5e3cbbe5b049d7846b8558b29c4a376b, type: 2}
      propertyPath: m_LocalPosition.z
      value: -3.10222721
      objectReference: {fileID: 0}
    - target: {fileID: 477796, guid: 5e3cbbe5b049d7846b8558b29c4a376b, type: 2}
      propertyPath: m_LocalRotation.x
      value: 0
      objectReference: {fileID: 0}
    - target: {fileID: 477796, guid: 5e3cbbe5b049d7846b8558b29c4a376b, type: 2}
      propertyPath: m_LocalRotation.y
      value: 0
      objectReference: {fileID: 0}
    - target: {fileID: 477796, guid: 5e3cbbe5b049d7846b8558b29c4a376b, type: 2}
      propertyPath: m_LocalRotation.z
      value: 0
      objectReference: {fileID: 0}
    - target: {fileID: 477796, guid: 5e3cbbe5b049d7846b8558b29c4a376b, type: 2}
      propertyPath: m_LocalRotation.w
      value: 1
      objectReference: {fileID: 0}
    - target: {fileID: 477796, guid: 5e3cbbe5b049d7846b8558b29c4a376b, type: 2}
      propertyPath: m_RootOrder
      value: 3
      objectReference: {fileID: 0}
    - target: {fileID: 11406230, guid: 5e3cbbe5b049d7846b8558b29c4a376b, type: 2}
      propertyPath: DrivingCamera
      value: 
      objectReference: {fileID: 1767848321}
    - target: {fileID: 11406230, guid: 5e3cbbe5b049d7846b8558b29c4a376b, type: 2}
      propertyPath: SpeedCameraIn
      value: 3
      objectReference: {fileID: 0}
    - target: {fileID: 11406230, guid: 5e3cbbe5b049d7846b8558b29c4a376b, type: 2}
      propertyPath: SpeedCameraOut
      value: -3
      objectReference: {fileID: 0}
    - target: {fileID: 11406230, guid: 5e3cbbe5b049d7846b8558b29c4a376b, type: 2}
      propertyPath: SpeedCameraInBack
      value: 3
      objectReference: {fileID: 0}
    - target: {fileID: 11406230, guid: 5e3cbbe5b049d7846b8558b29c4a376b, type: 2}
      propertyPath: SpeedCameraOutBack
      value: -3
      objectReference: {fileID: 0}
    - target: {fileID: 11406230, guid: 5e3cbbe5b049d7846b8558b29c4a376b, type: 2}
      propertyPath: SpeedCameraInNew
      value: .75
      objectReference: {fileID: 0}
    - target: {fileID: 11406230, guid: 5e3cbbe5b049d7846b8558b29c4a376b, type: 2}
      propertyPath: SpeedCameraOutNew
      value: -.75
      objectReference: {fileID: 0}
    m_RemovedComponents: []
  m_ParentPrefab: {fileID: 100100000, guid: 5e3cbbe5b049d7846b8558b29c4a376b, type: 2}
  m_IsPrefabParent: 0
--- !u!1 &671346544
GameObject:
  m_PrefabParentObject: {fileID: 199286, guid: 4f6bdea786647504390c999dedeb6a2e, type: 2}
  m_PrefabInternal: {fileID: 727165633}
--- !u!1001 &696836892
Prefab:
  m_ObjectHideFlags: 0
  serializedVersion: 2
  m_Modification:
    m_TransformParent: {fileID: 0}
    m_Modifications:
    - target: {fileID: 409304, guid: b75d104f277a02a40b10bb86b6901808, type: 2}
      propertyPath: m_LocalPosition.x
      value: .0604740493
      objectReference: {fileID: 0}
    - target: {fileID: 409304, guid: b75d104f277a02a40b10bb86b6901808, type: 2}
      propertyPath: m_LocalPosition.y
      value: -.147696137
      objectReference: {fileID: 0}
    - target: {fileID: 409304, guid: b75d104f277a02a40b10bb86b6901808, type: 2}
      propertyPath: m_LocalPosition.z
      value: -101.69632
      objectReference: {fileID: 0}
    - target: {fileID: 409304, guid: b75d104f277a02a40b10bb86b6901808, type: 2}
      propertyPath: m_LocalRotation.x
      value: 0
      objectReference: {fileID: 0}
    - target: {fileID: 409304, guid: b75d104f277a02a40b10bb86b6901808, type: 2}
      propertyPath: m_LocalRotation.y
      value: 0
      objectReference: {fileID: 0}
    - target: {fileID: 409304, guid: b75d104f277a02a40b10bb86b6901808, type: 2}
      propertyPath: m_LocalRotation.z
      value: 0
      objectReference: {fileID: 0}
    - target: {fileID: 409304, guid: b75d104f277a02a40b10bb86b6901808, type: 2}
      propertyPath: m_LocalRotation.w
      value: 1
      objectReference: {fileID: 0}
    - target: {fileID: 409304, guid: b75d104f277a02a40b10bb86b6901808, type: 2}
      propertyPath: m_RootOrder
      value: 6
      objectReference: {fileID: 0}
    - target: {fileID: 11431716, guid: b75d104f277a02a40b10bb86b6901808, type: 2}
      propertyPath: middlePosition
      value: 
      objectReference: {fileID: 1514897342}
    - target: {fileID: 11431716, guid: b75d104f277a02a40b10bb86b6901808, type: 2}
      propertyPath: rightPosition
      value: 
      objectReference: {fileID: 75112378}
    - target: {fileID: 11431716, guid: b75d104f277a02a40b10bb86b6901808, type: 2}
      propertyPath: leftPosition
      value: 
      objectReference: {fileID: 1493204942}
    - target: {fileID: 11431716, guid: b75d104f277a02a40b10bb86b6901808, type: 2}
      propertyPath: car
      value: 
      objectReference: {fileID: 1597208611}
    - target: {fileID: 11431716, guid: b75d104f277a02a40b10bb86b6901808, type: 2}
      propertyPath: intervalWinMoney
      value: .75
      objectReference: {fileID: 0}
    - target: {fileID: 11431716, guid: b75d104f277a02a40b10bb86b6901808, type: 2}
      propertyPath: StartGameSecondAvailaible
      value: 60
      objectReference: {fileID: 0}
    - target: {fileID: 11431716, guid: b75d104f277a02a40b10bb86b6901808, type: 2}
      propertyPath: gameoverSound
      value: 
      objectReference: {fileID: 8300000, guid: 7aa8e5b37db8c474d9d84e00246b5b7a, type: 3}
    - target: {fileID: 11431716, guid: b75d104f277a02a40b10bb86b6901808, type: 2}
      propertyPath: leftEject
      value: 
      objectReference: {fileID: 1276012316}
    - target: {fileID: 11431716, guid: b75d104f277a02a40b10bb86b6901808, type: 2}
      propertyPath: middleEject
      value: 
      objectReference: {fileID: 2018998721}
    - target: {fileID: 11431716, guid: b75d104f277a02a40b10bb86b6901808, type: 2}
      propertyPath: rightEject
      value: 
      objectReference: {fileID: 1867803758}
    m_RemovedComponents: []
  m_ParentPrefab: {fileID: 100100000, guid: b75d104f277a02a40b10bb86b6901808, type: 2}
  m_IsPrefabParent: 0
--- !u!1001 &727165633
Prefab:
  m_ObjectHideFlags: 0
  serializedVersion: 2
  m_Modification:
    m_TransformParent: {fileID: 0}
    m_Modifications:
    - target: {fileID: 22424914, guid: 4f6bdea786647504390c999dedeb6a2e, type: 2}
      propertyPath: m_LocalPosition.x
      value: 0
      objectReference: {fileID: 0}
    - target: {fileID: 22424914, guid: 4f6bdea786647504390c999dedeb6a2e, type: 2}
      propertyPath: m_LocalPosition.y
      value: 0
      objectReference: {fileID: 0}
    - target: {fileID: 22424914, guid: 4f6bdea786647504390c999dedeb6a2e, type: 2}
      propertyPath: m_LocalPosition.z
      value: 0
      objectReference: {fileID: 0}
    - target: {fileID: 22424914, guid: 4f6bdea786647504390c999dedeb6a2e, type: 2}
      propertyPath: m_LocalRotation.x
      value: 0
      objectReference: {fileID: 0}
    - target: {fileID: 22424914, guid: 4f6bdea786647504390c999dedeb6a2e, type: 2}
      propertyPath: m_LocalRotation.y
      value: 0
      objectReference: {fileID: 0}
    - target: {fileID: 22424914, guid: 4f6bdea786647504390c999dedeb6a2e, type: 2}
      propertyPath: m_LocalRotation.z
      value: 0
      objectReference: {fileID: 0}
    - target: {fileID: 22424914, guid: 4f6bdea786647504390c999dedeb6a2e, type: 2}
      propertyPath: m_LocalRotation.w
      value: 1
      objectReference: {fileID: 0}
    - target: {fileID: 22424914, guid: 4f6bdea786647504390c999dedeb6a2e, type: 2}
      propertyPath: m_RootOrder
      value: 4
      objectReference: {fileID: 0}
    - target: {fileID: 22424914, guid: 4f6bdea786647504390c999dedeb6a2e, type: 2}
      propertyPath: m_AnchoredPosition.x
      value: 0
      objectReference: {fileID: 0}
    - target: {fileID: 22424914, guid: 4f6bdea786647504390c999dedeb6a2e, type: 2}
      propertyPath: m_AnchoredPosition.y
      value: 0
      objectReference: {fileID: 0}
    - target: {fileID: 22424914, guid: 4f6bdea786647504390c999dedeb6a2e, type: 2}
      propertyPath: m_SizeDelta.x
      value: 0
      objectReference: {fileID: 0}
    - target: {fileID: 22424914, guid: 4f6bdea786647504390c999dedeb6a2e, type: 2}
      propertyPath: m_SizeDelta.y
      value: 0
      objectReference: {fileID: 0}
    - target: {fileID: 22424914, guid: 4f6bdea786647504390c999dedeb6a2e, type: 2}
      propertyPath: m_AnchorMin.x
      value: 0
      objectReference: {fileID: 0}
    - target: {fileID: 22424914, guid: 4f6bdea786647504390c999dedeb6a2e, type: 2}
      propertyPath: m_AnchorMin.y
      value: 0
      objectReference: {fileID: 0}
    - target: {fileID: 22424914, guid: 4f6bdea786647504390c999dedeb6a2e, type: 2}
      propertyPath: m_AnchorMax.x
      value: 0
      objectReference: {fileID: 0}
    - target: {fileID: 22424914, guid: 4f6bdea786647504390c999dedeb6a2e, type: 2}
      propertyPath: m_AnchorMax.y
      value: 0
      objectReference: {fileID: 0}
    - target: {fileID: 22424914, guid: 4f6bdea786647504390c999dedeb6a2e, type: 2}
      propertyPath: m_Pivot.x
      value: 0
      objectReference: {fileID: 0}
    - target: {fileID: 22424914, guid: 4f6bdea786647504390c999dedeb6a2e, type: 2}
      propertyPath: m_Pivot.y
      value: 0
      objectReference: {fileID: 0}
    - target: {fileID: 199752, guid: 4f6bdea786647504390c999dedeb6a2e, type: 2}
      propertyPath: m_IsActive
      value: 0
      objectReference: {fileID: 0}
    - target: {fileID: 162456, guid: 4f6bdea786647504390c999dedeb6a2e, type: 2}
      propertyPath: m_IsActive
      value: 0
      objectReference: {fileID: 0}
    - target: {fileID: 153840, guid: 4f6bdea786647504390c999dedeb6a2e, type: 2}
      propertyPath: m_IsActive
      value: 0
      objectReference: {fileID: 0}
    - target: {fileID: 188464, guid: 4f6bdea786647504390c999dedeb6a2e, type: 2}
      propertyPath: m_IsActive
      value: 0
      objectReference: {fileID: 0}
    - target: {fileID: 11425502, guid: 4f6bdea786647504390c999dedeb6a2e, type: 2}
      propertyPath: m_FontData.m_BestFit
      value: 0
      objectReference: {fileID: 0}
    - target: {fileID: 11425502, guid: 4f6bdea786647504390c999dedeb6a2e, type: 2}
      propertyPath: m_FontData.m_MaxSize
      value: 190
      objectReference: {fileID: 0}
    - target: {fileID: 11425502, guid: 4f6bdea786647504390c999dedeb6a2e, type: 2}
      propertyPath: m_FontData.m_MinSize
      value: 0
      objectReference: {fileID: 0}
    - target: {fileID: 11425502, guid: 4f6bdea786647504390c999dedeb6a2e, type: 2}
      propertyPath: m_FontData.m_VerticalOverflow
      value: 0
      objectReference: {fileID: 0}
    - target: {fileID: 11425502, guid: 4f6bdea786647504390c999dedeb6a2e, type: 2}
      propertyPath: m_FontData.m_HorizontalOverflow
      value: 0
      objectReference: {fileID: 0}
    - target: {fileID: 11425502, guid: 4f6bdea786647504390c999dedeb6a2e, type: 2}
      propertyPath: m_FontData.m_Alignment
      value: 1
      objectReference: {fileID: 0}
    - target: {fileID: 11425502, guid: 4f6bdea786647504390c999dedeb6a2e, type: 2}
      propertyPath: m_FontData.m_RichText
      value: 1
      objectReference: {fileID: 0}
    - target: {fileID: 11425502, guid: 4f6bdea786647504390c999dedeb6a2e, type: 2}
      propertyPath: m_FontData.m_LineSpacing
      value: 1
      objectReference: {fileID: 0}
    - target: {fileID: 11425502, guid: 4f6bdea786647504390c999dedeb6a2e, type: 2}
      propertyPath: m_FontData.m_FontSize
      value: 20
      objectReference: {fileID: 0}
    - target: {fileID: 11425502, guid: 4f6bdea786647504390c999dedeb6a2e, type: 2}
      propertyPath: m_FontData.m_Font
      value: 
      objectReference: {fileID: 12800000, guid: 3cece01b64cadf74db8c61912bb61e1f,
        type: 3}
    - target: {fileID: 11480216, guid: 4f6bdea786647504390c999dedeb6a2e, type: 2}
      propertyPath: m_FontData.m_Font
      value: 
      objectReference: {fileID: 12800000, guid: 3cece01b64cadf74db8c61912bb61e1f,
        type: 3}
    - target: {fileID: 11476198, guid: 4f6bdea786647504390c999dedeb6a2e, type: 2}
      propertyPath: m_FontData.m_Font
      value: 
      objectReference: {fileID: 12800000, guid: 3cece01b64cadf74db8c61912bb61e1f,
        type: 3}
    - target: {fileID: 11484056, guid: 4f6bdea786647504390c999dedeb6a2e, type: 2}
      propertyPath: m_FontData.m_Font
      value: 
      objectReference: {fileID: 12800000, guid: 3cece01b64cadf74db8c61912bb61e1f,
        type: 3}
    - target: {fileID: 22406272, guid: 4f6bdea786647504390c999dedeb6a2e, type: 2}
      propertyPath: m_AnchoredPosition.x
      value: 190.199997
      objectReference: {fileID: 0}
    - target: {fileID: 22406272, guid: 4f6bdea786647504390c999dedeb6a2e, type: 2}
      propertyPath: m_AnchoredPosition.y
      value: -209.5
      objectReference: {fileID: 0}
    m_RemovedComponents: []
  m_ParentPrefab: {fileID: 100100000, guid: 4f6bdea786647504390c999dedeb6a2e, type: 2}
  m_IsPrefabParent: 0
--- !u!1 &976165176
GameObject:
  m_PrefabParentObject: {fileID: 199752, guid: 4f6bdea786647504390c999dedeb6a2e, type: 2}
  m_PrefabInternal: {fileID: 727165633}
--- !u!1 &1154761234
GameObject:
  m_PrefabParentObject: {fileID: 141876, guid: 4f6bdea786647504390c999dedeb6a2e, type: 2}
  m_PrefabInternal: {fileID: 727165633}
--- !u!111 &1276012316
Animation:
  m_PrefabParentObject: {fileID: 11100988, guid: 0e7ee4df08df88c4880f43398f9ad2c2,
    type: 2}
  m_PrefabInternal: {fileID: 394101094}
--- !u!4 &1493204942
Transform:
  m_PrefabParentObject: {fileID: 417286, guid: 0e7ee4df08df88c4880f43398f9ad2c2, type: 2}
  m_PrefabInternal: {fileID: 394101094}
--- !u!4 &1514897342
Transform:
  m_PrefabParentObject: {fileID: 437686, guid: 0e7ee4df08df88c4880f43398f9ad2c2, type: 2}
  m_PrefabInternal: {fileID: 394101094}
--- !u!1 &1597208611
GameObject:
  m_PrefabParentObject: {fileID: 100042, guid: 0e7ee4df08df88c4880f43398f9ad2c2, type: 2}
  m_PrefabInternal: {fileID: 394101094}
--- !u!1 &1660459930
GameObject:
  m_PrefabParentObject: {fileID: 183862, guid: 0e7ee4df08df88c4880f43398f9ad2c2, type: 2}
  m_PrefabInternal: {fileID: 394101094}
--- !u!20 &1767848321
Camera:
  m_PrefabParentObject: {fileID: 2086458, guid: 0e7ee4df08df88c4880f43398f9ad2c2,
    type: 2}
  m_PrefabInternal: {fileID: 394101094}
--- !u!1001 &1810759990
Prefab:
  m_ObjectHideFlags: 0
  serializedVersion: 2
  m_Modification:
    m_TransformParent: {fileID: 0}
    m_Modifications:
    - target: {fileID: 403370, guid: b8859cf442dd86d429d1df4d427635fb, type: 2}
      propertyPath: m_LocalPosition.x
      value: 4.76856804
      objectReference: {fileID: 0}
    - target: {fileID: 403370, guid: b8859cf442dd86d429d1df4d427635fb, type: 2}
      propertyPath: m_LocalPosition.y
      value: 5.45358515
      objectReference: {fileID: 0}
    - target: {fileID: 403370, guid: b8859cf442dd86d429d1df4d427635fb, type: 2}
      propertyPath: m_LocalPosition.z
      value: -3.10222721
      objectReference: {fileID: 0}
    - target: {fileID: 403370, guid: b8859cf442dd86d429d1df4d427635fb, type: 2}
      propertyPath: m_LocalRotation.x
      value: 0
      objectReference: {fileID: 0}
    - target: {fileID: 403370, guid: b8859cf442dd86d429d1df4d427635fb, type: 2}
      propertyPath: m_LocalRotation.y
      value: 0
      objectReference: {fileID: 0}
    - target: {fileID: 403370, guid: b8859cf442dd86d429d1df4d427635fb, type: 2}
      propertyPath: m_LocalRotation.z
      value: 0
      objectReference: {fileID: 0}
    - target: {fileID: 403370, guid: b8859cf442dd86d429d1df4d427635fb, type: 2}
      propertyPath: m_LocalRotation.w
      value: 1
      objectReference: {fileID: 0}
    - target: {fileID: 403370, guid: b8859cf442dd86d429d1df4d427635fb, type: 2}
      propertyPath: m_RootOrder
      value: 6
      objectReference: {fileID: 0}
    m_RemovedComponents: []
  m_ParentPrefab: {fileID: 100100000, guid: b8859cf442dd86d429d1df4d427635fb, type: 2}
  m_IsPrefabParent: 0
--- !u!1 &1820305533
GameObject:
  m_ObjectHideFlags: 0
  m_PrefabParentObject: {fileID: 0}
  m_PrefabInternal: {fileID: 0}
  serializedVersion: 4
  m_Component:
  - 4: {fileID: 1820305535}
  - 108: {fileID: 1820305534}
  m_Layer: 0
  m_Name: Directional Light
  m_TagString: Untagged
  m_Icon: {fileID: 0}
  m_NavMeshLayer: 0
  m_StaticEditorFlags: 0
  m_IsActive: 1
--- !u!108 &1820305534
Light:
  m_ObjectHideFlags: 0
  m_PrefabParentObject: {fileID: 0}
  m_PrefabInternal: {fileID: 0}
  m_GameObject: {fileID: 1820305533}
  m_Enabled: 1
  serializedVersion: 6
  m_Type: 1
  m_Color: {r: .433823526, g: .508012116, b: 1, a: 1}
  m_Intensity: 1.61000001
  m_Range: 10
  m_SpotAngle: 30
  m_CookieSize: 10
  m_Shadows:
    m_Type: 2
    m_Resolution: -1
    m_Strength: 1
    m_Bias: .0500000007
    m_NormalBias: .400000006
  m_Cookie: {fileID: 0}
  m_DrawHalo: 0
  m_Flare: {fileID: 0}
  m_RenderMode: 0
  m_CullingMask:
    serializedVersion: 2
    m_Bits: 4294967295
  m_Lightmapping: 4
  m_BounceIntensity: 0
  m_ShadowRadius: 0
  m_ShadowAngle: 0
  m_AreaSize: {x: 1, y: 1}
--- !u!4 &1820305535
Transform:
  m_ObjectHideFlags: 0
  m_PrefabParentObject: {fileID: 0}
  m_PrefabInternal: {fileID: 0}
  m_GameObject: {fileID: 1820305533}
  m_LocalRotation: {x: .268298775, y: -.700246632, z: .326531261, w: .57536751}
  m_LocalPosition: {x: 0, y: 3, z: 0}
  m_LocalScale: {x: 1, y: 1, z: 1}
  m_Children: []
  m_Father: {fileID: 0}
  m_RootOrder: 1
--- !u!111 &1867803758
Animation:
  m_PrefabParentObject: {fileID: 11145564, guid: 0e7ee4df08df88c4880f43398f9ad2c2,
    type: 2}
  m_PrefabInternal: {fileID: 394101094}
--- !u!111 &2018998721
Animation:
  m_PrefabParentObject: {fileID: 11176014, guid: 0e7ee4df08df88c4880f43398f9ad2c2,
    type: 2}
  m_PrefabInternal: {fileID: 394101094}
--- !u!1 &2108171745
GameObject:
  m_PrefabParentObject: {fileID: 176882, guid: 0e7ee4df08df88c4880f43398f9ad2c2, type: 2}
  m_PrefabInternal: {fileID: 394101094}
