%YAML 1.1
%TAG !u! tag:unity3d.com,2011:
--- !u!1 &119236
GameObject:
  m_ObjectHideFlags: 0
  m_PrefabParentObject: {fileID: 0}
  m_PrefabInternal: {fileID: 100100000}
  serializedVersion: 4
  m_Component:
  - 4: {fileID: 440690}
  - 33: {fileID: 3394396}
  - 23: {fileID: 2344860}
  m_Layer: 0
  m_Name: borne
  m_TagString: Untagged
  m_Icon: {fileID: 0}
  m_NavMeshLayer: 0
  m_StaticEditorFlags: 0
  m_IsActive: 1
--- !u!1 &145148
GameObject:
  m_ObjectHideFlags: 0
  m_PrefabParentObject: {fileID: 0}
  m_PrefabInternal: {fileID: 100100000}
  serializedVersion: 4
  m_Component:
  - 4: {fileID: 438514}
  - 33: {fileID: 3315060}
  - 65: {fileID: 6580988}
  - 114: {fileID: 11498182}
  m_Layer: 0
  m_Name: BorneTime
  m_TagString: CarCollider
  m_Icon: {fileID: 0}
  m_NavMeshLayer: 0
  m_StaticEditorFlags: 0
  m_IsActive: 1
--- !u!4 &438514
Transform:
  m_ObjectHideFlags: 1
  m_PrefabParentObject: {fileID: 0}
  m_PrefabInternal: {fileID: 100100000}
  m_GameObject: {fileID: 145148}
  m_LocalRotation: {x: 0, y: -1, z: 0, w: -1.62920685e-07}
  m_LocalPosition: {x: -3.9000001, y: .140000001, z: -4.03999996}
  m_LocalScale: {x: 1.5, y: 1.5, z: 1.29999995}
  m_Children:
  - {fileID: 440690}
  m_Father: {fileID: 0}
  m_RootOrder: 0
--- !u!4 &440690
Transform:
  m_ObjectHideFlags: 1
  m_PrefabParentObject: {fileID: 0}
  m_PrefabInternal: {fileID: 100100000}
  m_GameObject: {fileID: 119236}
  m_LocalRotation: {x: 0, y: 0, z: 0, w: 1}
  m_LocalPosition: {x: -.0670000017, y: -.101999998, z: -.0240000002}
  m_LocalScale: {x: 1.29999995, y: 1.29999995, z: 1.29999995}
  m_Children: []
  m_Father: {fileID: 438514}
  m_RootOrder: 0
--- !u!23 &2344860
MeshRenderer:
  m_ObjectHideFlags: 1
  m_PrefabParentObject: {fileID: 0}
  m_PrefabInternal: {fileID: 100100000}
  m_GameObject: {fileID: 119236}
  m_Enabled: 1
  m_CastShadows: 1
  m_ReceiveShadows: 1
  m_Materials:
  - {fileID: 2100000, guid: ce827ed7e7fdccd458f796b14dce2f51, type: 2}
  m_SubsetIndices: 
  m_StaticBatchRoot: {fileID: 0}
  m_UseLightProbes: 1
  m_ReflectionProbeUsage: 1
  m_ProbeAnchor: {fileID: 0}
  m_ScaleInLightmap: 1
  m_PreserveUVs: 0
  m_ImportantGI: 0
  m_AutoUVMaxDistance: .5
  m_AutoUVMaxAngle: 89
  m_LightmapParameters: {fileID: 0}
  m_SortingLayerID: 0
  m_SortingOrder: 0
--- !u!33 &3315060
MeshFilter:
  m_ObjectHideFlags: 1
  m_PrefabParentObject: {fileID: 0}
  m_PrefabInternal: {fileID: 100100000}
  m_GameObject: {fileID: 145148}
  m_Mesh: {fileID: 10202, guid: 0000000000000000e000000000000000, type: 0}
--- !u!33 &3394396
MeshFilter:
  m_ObjectHideFlags: 1
  m_PrefabParentObject: {fileID: 0}
  m_PrefabInternal: {fileID: 100100000}
  m_GameObject: {fileID: 119236}
  m_Mesh: {fileID: 4300000, guid: 73e31e42fb05b1848b104676771fb230, type: 3}
--- !u!65 &6580988
BoxCollider:
  m_ObjectHideFlags: 1
  m_PrefabParentObject: {fileID: 0}
  m_PrefabInternal: {fileID: 100100000}
  m_GameObject: {fileID: 145148}
  m_Material: {fileID: 0}
  m_IsTrigger: 1
  m_Enabled: 1
  serializedVersion: 2
  m_Size: {x: 17.3099995, y: 5.4000001, z: 1}
  m_Center: {x: -7, y: .430000007, z: 0}
--- !u!114 &11498182
MonoBehaviour:
  m_ObjectHideFlags: 1
  m_PrefabParentObject: {fileID: 0}
  m_PrefabInternal: {fileID: 100100000}
  m_GameObject: {fileID: 145148}
  m_Enabled: 1
  m_EditorHideFlags: 0
  m_Script: {fileID: 11500000, guid: 0a43831119f1e79448855f738818fc1f, type: 3}
  m_Name: 
  m_EditorClassIdentifier: 
  AddedSeconds: 5
  TimeAdded: {fileID: 8300000, guid: 6cdc49f14e3e2fc4eba4ca6af97cb1e5, type: 3}
--- !u!1001 &100100000
Prefab:
  m_ObjectHideFlags: 1
  serializedVersion: 2
  m_Modification:
    m_TransformParent: {fileID: 0}
    m_Modifications: []
    m_RemovedComponents: []
  m_ParentPrefab: {fileID: 0}
  m_RootGameObject: {fileID: 145148}
  m_IsPrefabParent: 1
